@Misc{hm90,
    author  = "Harry Markowitz",
    title   = "Harry Markowitz Nobel prize lecture",
    year    = "1990",
    howpublished = {\url{http://www.nobelprize.org/nobel_prizes/economic-sciences/laureates/1990/markowitz-lecture.pdf}}
}

@Misc{dk2002,
    author  = "Daniel Kahneman",
    title   = "Daniel Kahneman’s Nobel prize lecture (video)",
    year    = "2002",
    howpublished = {\url{http://www.nobelprize.org/mediaplayer/index.php?id=531}}
}

@Misc{Shp90,
    author  = "William Sharpe",
    title   = "William Sharpe’s Nobel prize lecture (transcript)",
    year    = "1990",
    howpublished = {\url{https://www.nobelprize.org/nobel_prizes/economic-sciences/laureates/1990/sharpe-lecture.pdf}}
}

@Misc{Kelly90,
    author  = {J. L. Kelly JR},
    title   = {A new interpretation of Information Rate},
    year    = {1956},
    howpublished = {\url{https://archive.org/stream/bstj35-4-917#page/n0/mode/2up}}
}

@Misc{GK2000,
	author = {Ronald N. Kahn, Richard C. Grinold},
	title = {Active Portfolio Management},
	year = {2000},
	howpublished = {\url{https://www.amazon.com/Active-Portfolio-Management-Quantitative-Controlling/dp/0070248826}}
}

@Misc{HG2016,
	author = {Hyuncheol and Gaurav},
	title = {A.I. Investing as Quant 2.0},
	year = {2016},
	howpublished = {\url{https://www.qplum.co/qdrive/92/a-i-in-trading-the-age-of-the-complex-quant}}
}

@Misc{RP2016,
	author = {Gaurav Chakravorty},
	title = {What is Risk Parity},
	year = {2016},
	howpublished = {\url{https://www.qplum.co/qdrive/30/what-is-risk-parity}}
}

@Misc{qpim2016,
	author = {Mansi Singhal, Gaurav Chakravorty, Nilesh Choubey, Hardik Patel, Sanchit Gupta, Saruchi Goel, Sanskar Jain, Abid, Ashesh, Kanishak},
	title = {qplum - Investment Methodology},
	year = {2016},
	howpublished = {\url{https://www.qplum.co/documents/investment-methodology}}
}

@Misc{mapr2004,
	author = {Jeffrey Dean, Sanjay Ghemawat},
	title = {MapReduce: Simplified Data Processing on Large Clusters },
	year = {2004},
	howpublished = {\url{http://research.google.com/archive/mapreduce.html}}
}

@unpublished{Goodfellow-et-al-2016-Book,
	title={Deep Learning},
	author={Ian Goodfellow and Yoshua Bengio and Aaron Courville},
	note={Book in preparation for MIT Press},
	howpublished = {\url{http://www.deeplearningbook.org}},
	year={2016}
}

@Misc{hull2015,
	author = {Blair Hull and Xiao Qiao},
	title = {A Practitioner's Defense of Return Predictability},
	year = {July 22, 2015},
	howpublished = {\url{https://ssrn.com/abstract=2609814}}
}

@Misc{gordonritter2016,
	author={Gordon Ritter},
	title = {Stable Linear-Time Optimization in Arbitrage Pricing Theory Models},
	year={August 10, 2016},
	howpublished = {\url{https://ssrn.com/abstract=2821360}}
}

@Misc{helitterman2002,
	author={Robert Litterman, Guangliang He} ,
	title = {The Intuition Behind Black-Litterman Model Portfolios},
	year = {2002},
	howpublished = {\url{https://ssrn.com/abstract=334304}}
	}

@Misc{Suhonen2016,
    author = {Antti Suhonen,Matthias Lennkh,Fabrice Perez},
    title = {Quantifying Backtest Overfitting in Alternative Beta Strategies},
    year = {Apr 2, 2016},
    howpublished = {\url{https://papers.ssrn.com/sol3/papers.cfm?abstract_id=2757113}}
}

@Misc{Saruchi2016,
    author = {Saruchi Goel,Sanchit Gupta,Sanskar Jain,Gaurav Chakravorty},
    title = {We can do better than Modern Portfolio Theory!},
    year = {Nov 1, 2016},
    howpublished = {\url{https://www.qplum.co/documents/mvo-does-not-work}}
}

@book{adams1995hitchhiker,
  author={Adams, D.},
  title={The Hitchhiker's Guide to the Galaxy},
  isbn={9781417642595},
  howpublished = {\url{http://books.google.com/books?id=W-xMPgAACAAJ}},
  year={1995},
  publisher={San Val}
}

@Misc{Koren2009,
author={Yehuda Koren , Robert Bell , Chris Volinsky},
title={Matrix factorization techniques for recommender systems},
howpublished={\url{http://citeseerx.ist.psu.edu/viewdoc/summary?doi=10.1.1.147.8295}},
year={2009}
}

@Misc{Ruslan2007rbmnetflix,
author={Ruslan Salakhutdinov, Andriy Mnih, Geoffrey Hinton},
title={Restricted Boltzmann Machines for Collaborative Filtering},
howpublished={\url{http://www.machinelearning.org/proceedings/icml2007/papers/407.pdf}},
year={2007}
}

@Misc{ZhouWilkinsonnetflix,
author={Yunhong Zhou, Dennis Wilkinson, Robert Schreiber, Rong Pan},
title={Large-scale Parallel Collaborative Filtering for the Netflix Prize},
howpublished={\url{https://endymecy.gitbooks.io/spark-ml-source-analysis/content/%E6%8E%A8%E8%8D%90/papers/Large-scale%20Parallel%20Collaborative%20Filtering%20the%20Netflix%20Prize.pdf}}
}